<?xml version="1.0" encoding="UTF-8"?><record xmlns="http://www.loc.gov/MARC21/slim" xmlns:cinclude="http://apache.org/cocoon/include/1.0" xmlns:zs="http://www.loc.gov/zing/srw/">
  <leader>00546nz  a2200121n  4500</leader>
  <controlfield tag="001">n  91088510 </controlfield>
  <controlfield tag="003">DLC</controlfield>
  <controlfield tag="005">19910831134040.0</controlfield>
  <controlfield tag="008">910831n| acannaab|          |n aaa |||  </controlfield>
  <datafield tag="010" ind1=" " ind2=" ">
    <subfield code="a">n  91088510 </subfield>
  </datafield>
  <datafield tag="040" ind1=" " ind2=" ">
    <subfield code="a">DLC</subfield>
    <subfield code="c">DLC</subfield>
  </datafield>
  <datafield tag="100" ind1="1" ind2="0">
    <subfield code="a">Wagner, Ernst,</subfield>
    <subfield code="d">1957-</subfield>
  </datafield>
  <datafield tag="670" ind1=" " ind2=" ">
    <subfield code="a">His Untersuchungen zur asymmetrischen Induktion in der Hetero-Diels-Alder-Reaktion, 1988, i.e. 1989:</subfield>
    <subfield code="b">t.p. (Ernst Wagner; from Chicago; Dr. rer. nat.) about the author (b. 3/28/57 in Chicago; German citizen; Dipl.-Ing. (FH); Dipl.-Chem.; seit Apr. 1985 Aufbaustudium an d. Univ. Konstanz)</subfield>
  </datafield>
</record>